
@article{AlurDill1994,
  author       = "Rajeev Alur and David L. Dill",
  title        = "A theory of timed automata",
  year         = 1994,
  journal      = "Theoretical Computer Science",
  volume       = 126,
  number       = 2,
  pages        = "183--235",
  x-pardate    = "Mon Feb 18 17:59:16 MET 2008",
  x-topics     = "realtime"
}

@book{OlderogDierks2008,
  author       = "Ernst-R{\"u}diger Olderog and Henning Dierks",
  title        = "Real-Time Systems - Formal Specification and Automatic Verification",
  year         = 2008,
  publisher    = "Cambridge University Press",
  x-pardate    = "Thu Apr 16 14:53:52 CEST 2009",
  x-topics     = "rt dc ta uppaal cd plc"
}

@ARTICLE{Haartsen2000,
  author={Jaap C. Haartsen},
  journal={Personal Communications, IEEE},
  title={The Bluetooth radio system},
  year={2000},
  month={feb},
  volume={7},
  number={1},
  pages={28 -36}
}

@inproceedings{DBLP:conf/ftcs/HeinerT98,
  author    = {G{\"u}nter Heiner and
               Thomas Thurner},
  title     = {Time-Triggered Architecture for Safety-Related Distributed
               Real-Time Systems in Transportation Systems},
  booktitle = {FTCS},
  year      = {1998},
  pages     = {402-407},
  bibsource = {DBLP, http://dblp.uni-trier.de}
}

@incollection{Kopetz1995,
  author = "Hermann Kopetz",
  title = "The Time-Triggered Approach to Real-Time Systems Design",
  editor = "B. Randell and J.-C. Laprie and H. Kopetz and B. Littlewood",
  booktitle = "Predictably Dependable Computing Systems",
  publisher = "Springer-Verlag",
  year = 1995
}

@inproceedings{KopetzGruensteidl1993,
  author    = {Hermann Kopetz and
               G{\"u}nter Gr{\"u}nsteidl},
  title     = {TTP - A Time-Triggered Protocol for Fault-Tolerant Real-Time
               Systems},
  booktitle = {FTCS},
  year      = {1993},
  pages     = {524-533},
  bibsource = {DBLP, http://dblp.uni-trier.de}
}

@inproceedings{uppaal,
  author = {Gerd Behrmann and Alexandre David and Kim G. Larsen},
  title = {A Tutorial on {\sc Uppaal}},
  booktitle = {SFM-RT 2004},
  year = {2004},
  editor = {Marco Bernardo and Flavio Corradini},
  number = {3185},
  series = "LNCS",
  pages = {200--236},
  publisher = {Springer}
}

@inproceedings{Daws96reducingthe,
    author = {C. Daws and S. Yovine},
    title = {Reducing the Number of Clock Variables of Timed Automata},
    booktitle = {Proc. RTSS'96, 73-81, IEEE},
    year = {1996},
    pages = {73--81},
    publisher = {IEEE Computer Society Press}
}

@inproceedings{DawsMcRTAbs,
 author = {Daws, Conrado and Tripakis, Stavros},
 title = {Model Checking of Real-Time Reachability Properties Using Abstractions},
 booktitle = {Proceedings of the 4th International Conference on Tools and Algorithms for
 Construction and Analysis of Systems},
 year = 1998,
 isbn = {3-540-64356-7},
 pages = {313--329},
 numpages = 17,
 acmid = 691457,
 publisher = {Springer-Verlag},
 address = {London, UK},
} 

@inproceedings{OlderogLayered,
 author = {Olderog, Ernst-R\"{u}diger and Swaminathan, Mani},
 title = {Layered composition for timed automata},
 booktitle = {Proceedings of the 8th international conference on Formal modeling and analysis of timed systems},
 series = {FORMATS'10},
 year = {2010},
 isbn = {3-642-15296-1, 978-3-642-15296-2},
 location = {Klosterneuburg, Austria},
 pages = {228--242},
 numpages = {15},
 url = {http://portal.acm.org/citation.cfm?id=1885174.1885192},
 acmid = {1885192},
 publisher = {Springer-Verlag},
 address = {Berlin, Heidelberg},
} 

@inproceedings{Behrmann03staicguard,
 author = {Behrmann, Gerd and Bouyer, Patricia and Fleury, Emmanuel and Larsen, Kim G.},
 title = {Static guard analysis in timed automata verification},
 booktitle = {Proceedings of the 9th international conference on Tools and algorithms for the construction and analysis of systems},
 series = {TACAS'03},
 year = {2003},
 isbn = {3-540-00898-5},
 location = {Warsaw, Poland},
 pages = {254--270},
 numpages = {17},
 acmid = {1765895},
 publisher = {Springer-Verlag},
 address = {Berlin, Heidelberg},
} 

@inproceedings{AsarinKleeneTheorem,
 author = {Asarin, E. and Caspi, P. and Maler, O.},
 title = {A Kleene theorem for timed automata},
 booktitle = {Proceedings of the 12th Annual IEEE Symposium on Logic in Computer Science},
 series = {LICS '97},
 year = {1997},
 isbn = {0-8186-7925-5},
 pages = {160--},
 url = {http://portal.acm.org/citation.cfm?id=788019.788856},
 acmid = {788856},
 publisher = {IEEE Computer Society},
 address = {Washington, DC, USA},
 keywords = {/spl omega/-regular expressions, Kleene theorem, automata theory, dense-time discrete-valued signals, expressive power, timed automata, timed regular expressions},
} 

@inproceedings{BouyerDecomposition,
 author = {Bouyer, Patricia and Petit, Antoine},
 title = {Decomposition and Composition of Timed Automata},
 booktitle = {Proceedings of the 26th International Colloquium on Automata, Languages and Programming},
 series = {ICAL '99},
 year = {1999},
 isbn = {3-540-66224-3},
 pages = {210--219},
 numpages = {10},
 url = {http://portal.acm.org/citation.cfm?id=646229.681713},
 acmid = {681713},
 publisher = {Springer-Verlag},
 address = {London, UK},
} 


@inproceedings{re,
title={Disambiguation of Industrial Standards through Formalization and Graphical Languages},
author={Daniel Dietsch and Sergio Feo-Arenis and Bernd Westphal and Andreas Podelski},
year={2011},
booktitle = {IEEE 19th International Requirements Engineering Conference},
pages = {265-270},
}

@unpublished{fase,
  author = "Daniel Dietsch and Sergio Feo-Arenis and Bernd Westphal and Andreas Podelski",
  title = "An Accountable Approach to Formal Methods in Small Companies",
  year = 2011,
  note = "submitted for publication"
}

@book{Sipser2006,
  author = "Michael Sipser",
  title = "Introduction to the Theory of Computation",
  edition = "2nd",
  year = 2006,
  publisher = "Thomson Course Technology"
}


@inproceedings{herreraQEreduc,
 author = {Christian Herrera and Bernd Westphal and Sergio Feo-Arenis and Marco Mu{\~n}iz and Andreas Podelski},
 title = {Reducing Quasi-equal Clocks in Networks of Timed Automata},
 booktitle = {FORMATS},
 series = {LNCS},
 year = {2012},
 number = {7595},
 location = {London, UK},
 pages = {155--170},
 numpages = {15},
 isbn      = {978-3-642-33364-4},
 publisher = {Springer, Heidelberg}
} 

@inproceedings{munizTADA,
 author = {Marco Mu{\~n}iz and Bernd Westphal and Andreas Podelski},
 title     = {Timed Automata with Disjoint Activity},
 booktitle = {FORMATS},
 series = {LNCS},
 year = {2012},
 number = {7595},
 location = {London, UK},
 pages = {188--203},
 numpages = {15},
 isbn      = {978-3-642-33364-4},
 publisher = {Springer, Heidelberg}
} 

@article{bengtsson2003clock,
  title={On clock difference constraints and termination in reachability analysis of timed automata},
  author={Bengtsson, Johan and Yi, Wang},
  journal={Formal Methods and Software Engineering},
  pages={491--503},
  year={2003},
  publisher={Springer}
}

@book{bengtsson2002clocks,
  title={Clocks, dbms and states in timed systems},
  author={Bengtsson, Johan},
  year={2002},
  publisher={Acta Universitatis Upsaliensis}
}

@article{behrmann2004lower,
  title={Lower and upper bounds in zone based abstractions of timed automata},
  author={Behrmann, Gerd and Bouyer, Patricia and Larsen, Kim and Pel{\'a}nek, Radek},
  journal={Tools and Algorithms for the Construction and Analysis of Systems},
  pages={312--326},
  year=2004,
  publisher={Springer}
}

@INPROCEEDINGS{Bengtsson04timedautomata,
    author = {Johan Bengtsson and Wang Yi},
    title = {Timed Automata: Semantics, Algorithms and Tools},
    booktitle = {Advances in Petri Nets},
    year = {2004},
    pages = {87--124},
    publisher = {Springer-Verlag}
}

@book{Baier:2008:PMC:1373322,
 author = {Baier, Christel and Katoen, Joost-Pieter},
 title = {Principles of Model Checking (Representation and Mind Series)},
 year = {2008},
 isbn = {026202649X, 9780262026499},
 publisher = {The MIT Press},
}

@phdthesis{pettersson1999modelling,
  title={Modelling and verification of real-time systems using timed automata: theory and practice},
  author={Pettersson, Paul},
  year={1999},
  school={Citeseer}
}

@article{behrmann2006lower,
  title={Lower and upper bounds in zone-based abstractions of timed automata},
  author={Behrmann, Gerd and Bouyer, Patricia and Larsen, Kim G and Pel{\'a}nek, Radek},
  journal={International Journal on Software Tools for Technology Transfer},
  volume={8},
  number={3},
  pages={204--215},
  year={2006},
  publisher={Springer}
}

@incollection{daws1998model,
  title={Model checking of real-time reachability properties using abstractions},
  author={Daws, Conrado and Tripakis, Stavros},
  booktitle={Tools and Algorithms for the Construction and Analysis of Systems},
  pages={313--329},
  year={1998},
  publisher={Springer}
}

@inproceedings{Zee:2008:FFV:1375581.1375624,
 author = {Zee, Karen and Kuncak, Viktor and Rinard, Martin},
 title = {Full functional verification of linked data structures},
 booktitle = {Proceedings of the 2008 ACM SIGPLAN conference on Programming language design and implementation},
 series = {PLDI '08},
 year = {2008},
 isbn = {978-1-59593-860-2},
 location = {Tucson, AZ, USA},
 pages = {349--361},
 numpages = {13},
 url = {http://doi.acm.org/10.1145/1375581.1375624},
 doi = {10.1145/1375581.1375624},
 acmid = {1375624},
 publisher = {ACM},
 address = {New York, NY, USA},
 keywords = {data structure, decision procedure, java, theorem prover, verification},
} 

@inproceedings{Podelski:2010:CF:1706299.1706330,
 author = {Podelski, Andreas and Wies, Thomas},
 title = {Counterexample-guided focus},
 booktitle = {Proceedings of the 37th annual ACM SIGPLAN-SIGACT symposium on Principles of programming languages},
 series = {POPL '10},
 year = {2010},
 isbn = {978-1-60558-479-9},
 location = {Madrid, Spain},
 pages = {249--260},
 numpages = {12},
 url = {http://doi.acm.org/10.1145/1706299.1706330},
 doi = {10.1145/1706299.1706330},
 acmid = {1706330},
 publisher = {ACM},
 address = {New York, NY, USA},
 keywords = {abstraction refinement, data structures, predicate abstraction, quantified invariants, shape analysis},
} 

@article{wies2011efficient,
  title={An efficient decision procedure for imperative tree data structures},
  author={Wies, Thomas and Mu{\~n}iz, Marco and Kuncak, Viktor},
  journal={Automated Deduction--CADE-23},
  pages={476--491},
  year={2011},
  publisher={Springer}
}

@article{de2008z3,
  title={Z3: An efficient SMT solver},
  author={De Moura, Leonardo and Bj{\o}rner, Nikolaj},
  journal={Tools and Algorithms for the Construction and Analysis of Systems},
  pages={337--340},
  year={2008},
  publisher={Springer}
}

@article{larsen1997uppaal,
  title={UPPAAL in a nutshell},
  author={Larsen, Kim G and Pettersson, Paul and Yi, Wang},
  journal={International Journal on Software Tools for Technology Transfer (STTT)},
  volume={1},
  number={1},
  pages={134--152},
  year={1997},
  publisher={Springer Berlin/Heidelberg}
}

@book{bellman1965dynamic,
  title={Dynamic programming and modern control theory},
  author={Bellman, Richard and Kalaba, Robert E},
  year={1965},
  publisher={Academic Press New York}
}

@inproceedings{dill1990timing,
  title={Timing assumptions and verification of finite-state concurrent systems},
  author={Dill, David L},
  booktitle={Automatic verification methods for finite state systems},
  pages={197--212},
  year={1990},
  organization={Springer}
}

@article{yovine1997kronos,
  title={Kronos: A verification tool for real-time systems},
  author={Yovine, Sergio},
  journal={International Journal on Software Tools for Technology Transfer (STTT)},
  volume={1},
  number={1},
  pages={123--133},
  year={1997},
  publisher={Springer}
}
