
@inproceedings{larsen2016online,
  title={Online and compositional learning of controllers with application to floor heating},
  author={Larsen, Kim G and Miku{\v{c}}ionis, Marius and Muniz, Marco and Srba, Ji{\v{r}}{\'\i} and Taankvist, Jakob Haahr},
  booktitle={International Conference on Tools and Algorithms for the Construction and Analysis of Systems},
  pages={244--259},
  year={2016},
  organization={Springer}
}

@article{le2017improved,
  title={An improved algorithm for the control synthesis of nonlinear sampled switched systems},
  author={Le Co{\"e}nt, Adrien and dit Sandretto, Julien Alexandre and Chapoutot, Alexandre and Fribourg, Laurent},
  journal={Formal Methods in System Design},
  pages={1--21},
  year={2017},
  publisher={Springer}
}

@inproceedings{le2016distributed,
  title={Distributed synthesis of state-dependent switching control},
  author={Le Co{\"e}nt, Adrien and Fribourg, Laurent and Markey, Nicolas and De Vuyst, Florian and Chamoin, Ludovic},
  booktitle={International Workshop on Reachability Problems},
  pages={119--133},
  year={2016},
  organization={Springer}
}

@book{liberzon2003switching,
  title={Switching in systems and control},
  author={Liberzon, Daniel},
  year={2003},
  publisher={Springer Science \& Business Media}
}

